%YAML 1.1
%TAG !u! tag:unity3d.com,2011:
--- !u!29 &1
OcclusionCullingSettings:
  m_ObjectHideFlags: 0
  serializedVersion: 2
  m_OcclusionBakeSettings:
    smallestOccluder: 5
    smallestHole: 0.25
    backfaceThreshold: 100
  m_SceneGUID: 00000000000000000000000000000000
  m_OcclusionCullingData: {fileID: 0}
--- !u!104 &2
RenderSettings:
  m_ObjectHideFlags: 0
  serializedVersion: 9
  m_Fog: 0
  m_FogColor: {r: 0.5, g: 0.5, b: 0.5, a: 1}
  m_FogMode: 3
  m_FogDensity: 0.01
  m_LinearFogStart: 0
  m_LinearFogEnd: 300
  m_AmbientSkyColor: {r: 0.212, g: 0.227, b: 0.259, a: 1}
  m_AmbientEquatorColor: {r: 0.114, g: 0.125, b: 0.133, a: 1}
  m_AmbientGroundColor: {r: 0.047, g: 0.043, b: 0.035, a: 1}
  m_AmbientIntensity: 1
  m_AmbientMode: 0
  m_SubtractiveShadowColor: {r: 0.42, g: 0.478, b: 0.627, a: 1}
  m_SkyboxMaterial: {fileID: 10304, guid: 0000000000000000f000000000000000, type: 0}
  m_HaloStrength: 0.5
  m_FlareStrength: 1
  m_FlareFadeSpeed: 3
  m_HaloTexture: {fileID: 0}
  m_SpotCookie: {fileID: 10001, guid: 0000000000000000e000000000000000, type: 0}
  m_DefaultReflectionMode: 0
  m_DefaultReflectionResolution: 128
  m_ReflectionBounces: 1
  m_ReflectionIntensity: 1
  m_CustomReflection: {fileID: 0}
  m_Sun: {fileID: 0}
  m_IndirectSpecularColor: {r: 0.37313196, g: 0.38074955, b: 0.35872576, a: 1}
  m_UseRadianceAmbientProbe: 0
--- !u!157 &3
LightmapSettings:
  m_ObjectHideFlags: 0
  serializedVersion: 11
  m_GIWorkflowMode: 0
  m_GISettings:
    serializedVersion: 2
    m_BounceScale: 1
    m_IndirectOutputScale: 1
    m_AlbedoBoost: 1
    m_TemporalCoherenceThreshold: 1
    m_EnvironmentLightingMode: 0
    m_EnableBakedLightmaps: 1
    m_EnableRealtimeLightmaps: 1
  m_LightmapEditorSettings:
    serializedVersion: 10
    m_Resolution: 2
    m_BakeResolution: 40
    m_AtlasSize: 1024
    m_AO: 0
    m_AOMaxDistance: 1
    m_CompAOExponent: 1
    m_CompAOExponentDirect: 0
    m_Padding: 2
    m_LightmapParameters: {fileID: 0}
    m_LightmapsBakeMode: 1
    m_TextureCompression: 1
    m_FinalGather: 0
    m_FinalGatherFiltering: 1
    m_FinalGatherRayCount: 256
    m_ReflectionCompression: 2
    m_MixedBakeMode: 2
    m_BakeBackend: 1
    m_PVRSampling: 1
    m_PVRDirectSampleCount: 32
    m_PVRSampleCount: 500
    m_PVRBounces: 2
    m_PVRFilterTypeDirect: 0
    m_PVRFilterTypeIndirect: 0
    m_PVRFilterTypeAO: 0
    m_PVRFilteringMode: 1
    m_PVRCulling: 1
    m_PVRFilteringGaussRadiusDirect: 1
    m_PVRFilteringGaussRadiusIndirect: 5
    m_PVRFilteringGaussRadiusAO: 2
    m_PVRFilteringAtrousPositionSigmaDirect: 0.5
    m_PVRFilteringAtrousPositionSigmaIndirect: 2
    m_PVRFilteringAtrousPositionSigmaAO: 1
    m_ShowResolutionOverlay: 1
  m_LightingDataAsset: {fileID: 0}
  m_UseShadowmask: 1
--- !u!196 &4
NavMeshSettings:
  serializedVersion: 2
  m_ObjectHideFlags: 0
  m_BuildSettings:
    serializedVersion: 2
    agentTypeID: 0
    agentRadius: 0.5
    agentHeight: 2
    agentSlope: 45
    agentClimb: 0.4
    ledgeDropHeight: 0
    maxJumpAcrossDistance: 0
    minRegionArea: 2
    manualCellSize: 0
    cellSize: 0.16666667
    manualTileSize: 0
    tileSize: 256
    accuratePlacement: 0
    debug:
      m_Flags: 0
  m_NavMeshData: {fileID: 0}
--- !u!114 &247968738 stripped
MonoBehaviour:
  m_CorrespondingSourceObject: {fileID: 114239972789467766, guid: a7d9d9d367b464d53931023e856b4770,
    type: 2}
  m_PrefabInternal: {fileID: 801270767}
  m_Script: {fileID: 11500000, guid: f4688fdb7df04437aeb418b961361dc5, type: 3}
--- !u!1 &353774564 stripped
GameObject:
  m_CorrespondingSourceObject: {fileID: 1063635471573230, guid: a4f189c03d3a0486fac7bf3171f39bb2,
    type: 2}
  m_PrefabInternal: {fileID: 906897030}
--- !u!1 &358207045 stripped
GameObject:
  m_CorrespondingSourceObject: {fileID: 1110133385449964, guid: a4f189c03d3a0486fac7bf3171f39bb2,
    type: 2}
  m_PrefabInternal: {fileID: 906897030}
--- !u!1001 &564901810
Prefab:
  m_ObjectHideFlags: 0
  serializedVersion: 2
  m_Modification:
    m_TransformParent: {fileID: 0}
    m_Modifications:
    - target: {fileID: 4313545836710864, guid: 8e4f59ae93ebc4e14815e8dbaf0bc5b8, type: 2}
      propertyPath: m_LocalPosition.x
      value: 128.05
      objectReference: {fileID: 0}
    - target: {fileID: 4313545836710864, guid: 8e4f59ae93ebc4e14815e8dbaf0bc5b8, type: 2}
      propertyPath: m_LocalPosition.y
      value: -128
      objectReference: {fileID: 0}
    - target: {fileID: 4313545836710864, guid: 8e4f59ae93ebc4e14815e8dbaf0bc5b8, type: 2}
      propertyPath: m_LocalPosition.z
      value: 0
      objectReference: {fileID: 0}
    - target: {fileID: 4313545836710864, guid: 8e4f59ae93ebc4e14815e8dbaf0bc5b8, type: 2}
      propertyPath: m_LocalRotation.x
      value: 0
      objectReference: {fileID: 0}
    - target: {fileID: 4313545836710864, guid: 8e4f59ae93ebc4e14815e8dbaf0bc5b8, type: 2}
      propertyPath: m_LocalRotation.y
      value: 0
      objectReference: {fileID: 0}
    - target: {fileID: 4313545836710864, guid: 8e4f59ae93ebc4e14815e8dbaf0bc5b8, type: 2}
      propertyPath: m_LocalRotation.z
      value: 0
      objectReference: {fileID: 0}
    - target: {fileID: 4313545836710864, guid: 8e4f59ae93ebc4e14815e8dbaf0bc5b8, type: 2}
      propertyPath: m_LocalRotation.w
      value: 1
      objectReference: {fileID: 0}
    - target: {fileID: 4313545836710864, guid: 8e4f59ae93ebc4e14815e8dbaf0bc5b8, type: 2}
      propertyPath: m_RootOrder
      value: 6
      objectReference: {fileID: 0}
    - target: {fileID: 114584291596257462, guid: 8e4f59ae93ebc4e14815e8dbaf0bc5b8,
        type: 2}
      propertyPath: score
      value: 
      objectReference: {fileID: 247968738}
    - target: {fileID: 114584291596257462, guid: 8e4f59ae93ebc4e14815e8dbaf0bc5b8,
        type: 2}
      propertyPath: spawnPoint.Array.data[0]
      value: 
      objectReference: {fileID: 758930206}
    - target: {fileID: 114584291596257462, guid: 8e4f59ae93ebc4e14815e8dbaf0bc5b8,
        type: 2}
      propertyPath: flyingSpawnPoint.Array.data[0]
      value: 
      objectReference: {fileID: 999544416}
    - target: {fileID: 114584291596257462, guid: 8e4f59ae93ebc4e14815e8dbaf0bc5b8,
        type: 2}
      propertyPath: flyingSpawnPoint.Array.data[1]
      value: 
      objectReference: {fileID: 1481137189}
    - target: {fileID: 114584291596257462, guid: 8e4f59ae93ebc4e14815e8dbaf0bc5b8,
        type: 2}
      propertyPath: flyingSpawnPoint.Array.data[2]
      value: 
      objectReference: {fileID: 1027645735}
    - target: {fileID: 114584291596257462, guid: 8e4f59ae93ebc4e14815e8dbaf0bc5b8,
        type: 2}
      propertyPath: flyingSpawnPoint.Array.data[3]
      value: 
      objectReference: {fileID: 353774564}
    - target: {fileID: 114584291596257462, guid: 8e4f59ae93ebc4e14815e8dbaf0bc5b8,
        type: 2}
      propertyPath: flyingSpawnPoint.Array.data[4]
      value: 
      objectReference: {fileID: 1622771602}
    - target: {fileID: 114584291596257462, guid: 8e4f59ae93ebc4e14815e8dbaf0bc5b8,
        type: 2}
      propertyPath: flyingSpawnPoint.Array.data[5]
      value: 
      objectReference: {fileID: 1146411370}
    - target: {fileID: 114584291596257462, guid: 8e4f59ae93ebc4e14815e8dbaf0bc5b8,
        type: 2}
      propertyPath: spawnCratePoint.Array.data[0]
      value: 
      objectReference: {fileID: 1807534944}
    - target: {fileID: 114584291596257462, guid: 8e4f59ae93ebc4e14815e8dbaf0bc5b8,
        type: 2}
      propertyPath: spawnCratePoint.Array.data[1]
      value: 
      objectReference: {fileID: 2055177783}
    - target: {fileID: 114584291596257462, guid: 8e4f59ae93ebc4e14815e8dbaf0bc5b8,
        type: 2}
      propertyPath: spawnCratePoint.Array.data[2]
      value: 
      objectReference: {fileID: 889859120}
    - target: {fileID: 114584291596257462, guid: 8e4f59ae93ebc4e14815e8dbaf0bc5b8,
        type: 2}
      propertyPath: spawnCratePoint.Array.data[3]
      value: 
      objectReference: {fileID: 1704602892}
    - target: {fileID: 114584291596257462, guid: 8e4f59ae93ebc4e14815e8dbaf0bc5b8,
        type: 2}
      propertyPath: spawnCratePoint.Array.data[4]
      value: 
      objectReference: {fileID: 358207045}
    - target: {fileID: 114584291596257462, guid: 8e4f59ae93ebc4e14815e8dbaf0bc5b8,
        type: 2}
      propertyPath: spawnCratePoint.Array.data[5]
      value: 
      objectReference: {fileID: 868375105}
    - target: {fileID: 114584291596257462, guid: 8e4f59ae93ebc4e14815e8dbaf0bc5b8,
        type: 2}
      propertyPath: spawnCratePoint.Array.data[6]
      value: 
      objectReference: {fileID: 879270619}
    - target: {fileID: 114584291596257462, guid: 8e4f59ae93ebc4e14815e8dbaf0bc5b8,
        type: 2}
      propertyPath: spawnCratePoint.Array.data[7]
      value: 
      objectReference: {fileID: 956477776}
    - target: {fileID: 114584291596257462, guid: 8e4f59ae93ebc4e14815e8dbaf0bc5b8,
        type: 2}
      propertyPath: spawnCratePoint.Array.data[8]
      value: 
      objectReference: {fileID: 889859120}
    - target: {fileID: 114584291596257462, guid: 8e4f59ae93ebc4e14815e8dbaf0bc5b8,
        type: 2}
      propertyPath: cratesToWin
      value: 20
      objectReference: {fileID: 0}
    m_RemovedComponents: []
  m_SourcePrefab: {fileID: 100100000, guid: 8e4f59ae93ebc4e14815e8dbaf0bc5b8, type: 2}
  m_IsPrefabAsset: 0
--- !u!1 &758930206 stripped
GameObject:
  m_CorrespondingSourceObject: {fileID: 1446061614260592, guid: a4f189c03d3a0486fac7bf3171f39bb2,
    type: 2}
  m_PrefabInternal: {fileID: 906897030}
--- !u!1001 &801270767
Prefab:
  m_ObjectHideFlags: 0
  serializedVersion: 2
  m_Modification:
    m_TransformParent: {fileID: 0}
    m_Modifications:
    - target: {fileID: 224525103323851684, guid: a7d9d9d367b464d53931023e856b4770,
        type: 2}
      propertyPath: m_LocalPosition.x
      value: 0
      objectReference: {fileID: 0}
    - target: {fileID: 224525103323851684, guid: a7d9d9d367b464d53931023e856b4770,
        type: 2}
      propertyPath: m_LocalPosition.y
      value: 0
      objectReference: {fileID: 0}
    - target: {fileID: 224525103323851684, guid: a7d9d9d367b464d53931023e856b4770,
        type: 2}
      propertyPath: m_LocalPosition.z
      value: 0
      objectReference: {fileID: 0}
    - target: {fileID: 224525103323851684, guid: a7d9d9d367b464d53931023e856b4770,
        type: 2}
      propertyPath: m_LocalRotation.x
      value: 0
      objectReference: {fileID: 0}
    - target: {fileID: 224525103323851684, guid: a7d9d9d367b464d53931023e856b4770,
        type: 2}
      propertyPath: m_LocalRotation.y
      value: 0
      objectReference: {fileID: 0}
    - target: {fileID: 224525103323851684, guid: a7d9d9d367b464d53931023e856b4770,
        type: 2}
      propertyPath: m_LocalRotation.z
      value: 0
      objectReference: {fileID: 0}
    - target: {fileID: 224525103323851684, guid: a7d9d9d367b464d53931023e856b4770,
        type: 2}
      propertyPath: m_LocalRotation.w
      value: 1
      objectReference: {fileID: 0}
    - target: {fileID: 224525103323851684, guid: a7d9d9d367b464d53931023e856b4770,
        type: 2}
      propertyPath: m_RootOrder
      value: 3
      objectReference: {fileID: 0}
    - target: {fileID: 224525103323851684, guid: a7d9d9d367b464d53931023e856b4770,
        type: 2}
      propertyPath: m_AnchoredPosition.x
      value: 0
      objectReference: {fileID: 0}
    - target: {fileID: 224525103323851684, guid: a7d9d9d367b464d53931023e856b4770,
        type: 2}
      propertyPath: m_AnchoredPosition.y
      value: 0
      objectReference: {fileID: 0}
    - target: {fileID: 224525103323851684, guid: a7d9d9d367b464d53931023e856b4770,
        type: 2}
      propertyPath: m_SizeDelta.x
      value: 0
      objectReference: {fileID: 0}
    - target: {fileID: 224525103323851684, guid: a7d9d9d367b464d53931023e856b4770,
        type: 2}
      propertyPath: m_SizeDelta.y
      value: 0
      objectReference: {fileID: 0}
    - target: {fileID: 224525103323851684, guid: a7d9d9d367b464d53931023e856b4770,
        type: 2}
      propertyPath: m_AnchorMin.x
      value: 0
      objectReference: {fileID: 0}
    - target: {fileID: 224525103323851684, guid: a7d9d9d367b464d53931023e856b4770,
        type: 2}
      propertyPath: m_AnchorMin.y
      value: 0
      objectReference: {fileID: 0}
    - target: {fileID: 224525103323851684, guid: a7d9d9d367b464d53931023e856b4770,
        type: 2}
      propertyPath: m_AnchorMax.x
      value: 0
      objectReference: {fileID: 0}
    - target: {fileID: 224525103323851684, guid: a7d9d9d367b464d53931023e856b4770,
        type: 2}
      propertyPath: m_AnchorMax.y
      value: 0
      objectReference: {fileID: 0}
    - target: {fileID: 224525103323851684, guid: a7d9d9d367b464d53931023e856b4770,
        type: 2}
      propertyPath: m_Pivot.x
      value: 0
      objectReference: {fileID: 0}
    - target: {fileID: 224525103323851684, guid: a7d9d9d367b464d53931023e856b4770,
        type: 2}
      propertyPath: m_Pivot.y
      value: 0
      objectReference: {fileID: 0}
    - target: {fileID: 223732508777813936, guid: a7d9d9d367b464d53931023e856b4770,
        type: 2}
      propertyPath: m_Camera
      value: 
      objectReference: {fileID: 0}
    - target: {fileID: 114239972789467766, guid: a7d9d9d367b464d53931023e856b4770,
        type: 2}
      propertyPath: m_havePropertiesChanged
      value: 1
      objectReference: {fileID: 0}
    - target: {fileID: 114239972789467766, guid: a7d9d9d367b464d53931023e856b4770,
        type: 2}
      propertyPath: m_isInputParsingRequired
      value: 1
      objectReference: {fileID: 0}
    m_RemovedComponents: []
  m_SourcePrefab: {fileID: 100100000, guid: a7d9d9d367b464d53931023e856b4770, type: 2}
  m_IsPrefabAsset: 0
--- !u!1001 &816772392
Prefab:
  m_ObjectHideFlags: 0
  serializedVersion: 2
  m_Modification:
    m_TransformParent: {fileID: 0}
    m_Modifications:
    - target: {fileID: 4600512249518668, guid: 2f7b2c1212f8b438aae77e56b4884dd0, type: 2}
      propertyPath: m_LocalPosition.x
      value: 128.3
      objectReference: {fileID: 0}
    - target: {fileID: 4600512249518668, guid: 2f7b2c1212f8b438aae77e56b4884dd0, type: 2}
      propertyPath: m_LocalPosition.y
      value: -173
      objectReference: {fileID: 0}
    - target: {fileID: 4600512249518668, guid: 2f7b2c1212f8b438aae77e56b4884dd0, type: 2}
      propertyPath: m_LocalPosition.z
      value: -30
      objectReference: {fileID: 0}
    - target: {fileID: 4600512249518668, guid: 2f7b2c1212f8b438aae77e56b4884dd0, type: 2}
      propertyPath: m_LocalRotation.x
      value: 0
      objectReference: {fileID: 0}
    - target: {fileID: 4600512249518668, guid: 2f7b2c1212f8b438aae77e56b4884dd0, type: 2}
      propertyPath: m_LocalRotation.y
      value: 0
      objectReference: {fileID: 0}
    - target: {fileID: 4600512249518668, guid: 2f7b2c1212f8b438aae77e56b4884dd0, type: 2}
      propertyPath: m_LocalRotation.z
      value: 0
      objectReference: {fileID: 0}
    - target: {fileID: 4600512249518668, guid: 2f7b2c1212f8b438aae77e56b4884dd0, type: 2}
      propertyPath: m_LocalRotation.w
      value: 1
      objectReference: {fileID: 0}
    - target: {fileID: 4600512249518668, guid: 2f7b2c1212f8b438aae77e56b4884dd0, type: 2}
      propertyPath: m_RootOrder
      value: 1
      objectReference: {fileID: 0}
    - target: {fileID: 114935114627073322, guid: 2f7b2c1212f8b438aae77e56b4884dd0,
        type: 2}
      propertyPath: playerCharacter
      value: 
      objectReference: {fileID: 1300899983}
    m_RemovedComponents: []
  m_SourcePrefab: {fileID: 100100000, guid: 2f7b2c1212f8b438aae77e56b4884dd0, type: 2}
  m_IsPrefabAsset: 0
--- !u!1 &868375105 stripped
GameObject:
  m_CorrespondingSourceObject: {fileID: 1984539668176562, guid: a4f189c03d3a0486fac7bf3171f39bb2,
    type: 2}
  m_PrefabInternal: {fileID: 906897030}
--- !u!1 &879270619 stripped
GameObject:
  m_CorrespondingSourceObject: {fileID: 1441712928287184, guid: a4f189c03d3a0486fac7bf3171f39bb2,
    type: 2}
  m_PrefabInternal: {fileID: 906897030}
--- !u!1 &889859120 stripped
GameObject:
  m_CorrespondingSourceObject: {fileID: 1041966788974194, guid: a4f189c03d3a0486fac7bf3171f39bb2,
    type: 2}
  m_PrefabInternal: {fileID: 906897030}
--- !u!1001 &906897030
Prefab:
  m_ObjectHideFlags: 0
  serializedVersion: 2
  m_Modification:
    m_TransformParent: {fileID: 0}
    m_Modifications:
    - target: {fileID: 4203270873699926, guid: a4f189c03d3a0486fac7bf3171f39bb2, type: 2}
      propertyPath: m_LocalPosition.x
      value: 0
      objectReference: {fileID: 0}
    - target: {fileID: 4203270873699926, guid: a4f189c03d3a0486fac7bf3171f39bb2, type: 2}
      propertyPath: m_LocalPosition.y
      value: 0
      objectReference: {fileID: 0}
    - target: {fileID: 4203270873699926, guid: a4f189c03d3a0486fac7bf3171f39bb2, type: 2}
      propertyPath: m_LocalPosition.z
      value: 0
      objectReference: {fileID: 0}
    - target: {fileID: 4203270873699926, guid: a4f189c03d3a0486fac7bf3171f39bb2, type: 2}
      propertyPath: m_LocalRotation.x
      value: 0
      objectReference: {fileID: 0}
    - target: {fileID: 4203270873699926, guid: a4f189c03d3a0486fac7bf3171f39bb2, type: 2}
      propertyPath: m_LocalRotation.y
      value: 0
      objectReference: {fileID: 0}
    - target: {fileID: 4203270873699926, guid: a4f189c03d3a0486fac7bf3171f39bb2, type: 2}
      propertyPath: m_LocalRotation.z
      value: 0
      objectReference: {fileID: 0}
    - target: {fileID: 4203270873699926, guid: a4f189c03d3a0486fac7bf3171f39bb2, type: 2}
      propertyPath: m_LocalRotation.w
      value: 1
      objectReference: {fileID: 0}
    - target: {fileID: 4203270873699926, guid: a4f189c03d3a0486fac7bf3171f39bb2, type: 2}
      propertyPath: m_RootOrder
      value: 2
      objectReference: {fileID: 0}
    m_RemovedComponents: []
  m_SourcePrefab: {fileID: 100100000, guid: a4f189c03d3a0486fac7bf3171f39bb2, type: 2}
  m_IsPrefabAsset: 0
--- !u!1 &956477776 stripped
GameObject:
  m_CorrespondingSourceObject: {fileID: 1991511130942296, guid: a4f189c03d3a0486fac7bf3171f39bb2,
    type: 2}
  m_PrefabInternal: {fileID: 906897030}
--- !u!1 &999544416 stripped
GameObject:
  m_CorrespondingSourceObject: {fileID: 1762153658785014, guid: a4f189c03d3a0486fac7bf3171f39bb2,
    type: 2}
  m_PrefabInternal: {fileID: 906897030}
--- !u!1 &1027645735 stripped
GameObject:
  m_CorrespondingSourceObject: {fileID: 1667493624464592, guid: a4f189c03d3a0486fac7bf3171f39bb2,
    type: 2}
  m_PrefabInternal: {fileID: 906897030}
--- !u!1001 &1078495284
Prefab:
  m_ObjectHideFlags: 0
  serializedVersion: 2
  m_Modification:
    m_TransformParent: {fileID: 0}
    m_Modifications:
    - target: {fileID: 4630257407675194, guid: a09b0d04466594573a35ddd854efe1f1, type: 2}
      propertyPath: m_LocalPosition.x
      value: 157.5963
      objectReference: {fileID: 0}
    - target: {fileID: 4630257407675194, guid: a09b0d04466594573a35ddd854efe1f1, type: 2}
      propertyPath: m_LocalPosition.y
      value: -186.97777
      objectReference: {fileID: 0}
    - target: {fileID: 4630257407675194, guid: a09b0d04466594573a35ddd854efe1f1, type: 2}
      propertyPath: m_LocalPosition.z
      value: 0
      objectReference: {fileID: 0}
    - target: {fileID: 4630257407675194, guid: a09b0d04466594573a35ddd854efe1f1, type: 2}
      propertyPath: m_LocalRotation.x
      value: 0
      objectReference: {fileID: 0}
    - target: {fileID: 4630257407675194, guid: a09b0d04466594573a35ddd854efe1f1, type: 2}
      propertyPath: m_LocalRotation.y
      value: 0
      objectReference: {fileID: 0}
    - target: {fileID: 4630257407675194, guid: a09b0d04466594573a35ddd854efe1f1, type: 2}
      propertyPath: m_LocalRotation.z
      value: 0
      objectReference: {fileID: 0}
    - target: {fileID: 4630257407675194, guid: a09b0d04466594573a35ddd854efe1f1, type: 2}
      propertyPath: m_LocalRotation.w
      value: 1
      objectReference: {fileID: 0}
    - target: {fileID: 4630257407675194, guid: a09b0d04466594573a35ddd854efe1f1, type: 2}
      propertyPath: m_RootOrder
      value: 0
      objectReference: {fileID: 0}
    m_RemovedComponents: []
  m_SourcePrefab: {fileID: 100100000, guid: a09b0d04466594573a35ddd854efe1f1, type: 2}
  m_IsPrefabAsset: 0
--- !u!1001 &1139165154
Prefab:
  m_ObjectHideFlags: 0
  serializedVersion: 2
  m_Modification:
    m_TransformParent: {fileID: 0}
    m_Modifications:
    - target: {fileID: 4620979755276554, guid: 035f89da7294d484eaf136c22699dfca, type: 2}
      propertyPath: m_LocalPosition.x
      value: 37.4
      objectReference: {fileID: 0}
    - target: {fileID: 4620979755276554, guid: 035f89da7294d484eaf136c22699dfca, type: 2}
      propertyPath: m_LocalPosition.y
      value: -183.8
      objectReference: {fileID: 0}
    - target: {fileID: 4620979755276554, guid: 035f89da7294d484eaf136c22699dfca, type: 2}
      propertyPath: m_LocalPosition.z
      value: 0
      objectReference: {fileID: 0}
    - target: {fileID: 4620979755276554, guid: 035f89da7294d484eaf136c22699dfca, type: 2}
      propertyPath: m_LocalRotation.x
      value: -0
      objectReference: {fileID: 0}
    - target: {fileID: 4620979755276554, guid: 035f89da7294d484eaf136c22699dfca, type: 2}
      propertyPath: m_LocalRotation.y
      value: -0
      objectReference: {fileID: 0}
    - target: {fileID: 4620979755276554, guid: 035f89da7294d484eaf136c22699dfca, type: 2}
      propertyPath: m_LocalRotation.z
      value: -0
      objectReference: {fileID: 0}
    - target: {fileID: 4620979755276554, guid: 035f89da7294d484eaf136c22699dfca, type: 2}
      propertyPath: m_LocalRotation.w
      value: 1
      objectReference: {fileID: 0}
    - target: {fileID: 4620979755276554, guid: 035f89da7294d484eaf136c22699dfca, type: 2}
      propertyPath: m_RootOrder
      value: 5
      objectReference: {fileID: 0}
    - target: {fileID: 1894274140633906, guid: 035f89da7294d484eaf136c22699dfca, type: 2}
      propertyPath: m_Layer
      value: 9
      objectReference: {fileID: 0}
    m_RemovedComponents: []
  m_SourcePrefab: {fileID: 100100000, guid: 035f89da7294d484eaf136c22699dfca, type: 2}
  m_IsPrefabAsset: 0
--- !u!1 &1146411370 stripped
GameObject:
  m_CorrespondingSourceObject: {fileID: 1291201953137278, guid: a4f189c03d3a0486fac7bf3171f39bb2,
    type: 2}
  m_PrefabInternal: {fileID: 906897030}
--- !u!4 &1300899983 stripped
Transform:
  m_CorrespondingSourceObject: {fileID: 4620979755276554, guid: 035f89da7294d484eaf136c22699dfca,
    type: 2}
  m_PrefabInternal: {fileID: 1139165154}
--- !u!1 &1481137189 stripped
GameObject:
  m_CorrespondingSourceObject: {fileID: 1595866853027216, guid: a4f189c03d3a0486fac7bf3171f39bb2,
    type: 2}
  m_PrefabInternal: {fileID: 906897030}
--- !u!1 &1622771602 stripped
GameObject:
  m_CorrespondingSourceObject: {fileID: 1508822365072656, guid: a4f189c03d3a0486fac7bf3171f39bb2,
    type: 2}
  m_PrefabInternal: {fileID: 906897030}
--- !u!1 &1704602892 stripped
GameObject:
  m_CorrespondingSourceObject: {fileID: 1067384682733766, guid: a4f189c03d3a0486fac7bf3171f39bb2,
    type: 2}
  m_PrefabInternal: {fileID: 906897030}
--- !u!1 &1734377277
GameObject:
  m_ObjectHideFlags: 0
  m_CorrespondingSourceObject: {fileID: 0}
  m_PrefabInternal: {fileID: 0}
  serializedVersion: 6
  m_Component:
  - component: {fileID: 1734377280}
  - component: {fileID: 1734377279}
  - component: {fileID: 1734377278}
  m_Layer: 0
  m_Name: EventSystem
  m_TagString: Untagged
  m_Icon: {fileID: 0}
  m_NavMeshLayer: 0
  m_StaticEditorFlags: 0
  m_IsActive: 1
--- !u!114 &1734377278
MonoBehaviour:
  m_ObjectHideFlags: 0
  m_CorrespondingSourceObject: {fileID: 0}
  m_PrefabInternal: {fileID: 0}
  m_GameObject: {fileID: 1734377277}
  m_Enabled: 1
  m_EditorHideFlags: 0
  m_Script: {fileID: 1077351063, guid: f70555f144d8491a825f0804e09c671c, type: 3}
  m_Name: 
  m_EditorClassIdentifier: 
  m_HorizontalAxis: Horizontal
  m_VerticalAxis: Vertical
  m_SubmitButton: Submit
  m_CancelButton: Cancel
  m_InputActionsPerSecond: 10
  m_RepeatDelay: 0.5
  m_ForceModuleActive: 0
--- !u!114 &1734377279
MonoBehaviour:
  m_ObjectHideFlags: 0
  m_CorrespondingSourceObject: {fileID: 0}
  m_PrefabInternal: {fileID: 0}
  m_GameObject: {fileID: 1734377277}
  m_Enabled: 1
  m_EditorHideFlags: 0
  m_Script: {fileID: -619905303, guid: f70555f144d8491a825f0804e09c671c, type: 3}
  m_Name: 
  m_EditorClassIdentifier: 
  m_FirstSelected: {fileID: 0}
  m_sendNavigationEvents: 1
  m_DragThreshold: 10
--- !u!4 &1734377280
Transform:
  m_ObjectHideFlags: 0
  m_CorrespondingSourceObject: {fileID: 0}
  m_PrefabInternal: {fileID: 0}
  m_GameObject: {fileID: 1734377277}
  m_LocalRotation: {x: 0, y: 0, z: 0, w: 1}
  m_LocalPosition: {x: 0, y: 0, z: 0}
  m_LocalScale: {x: 1, y: 1, z: 1}
  m_Children: []
  m_Father: {fileID: 0}
  m_RootOrder: 4
  m_LocalEulerAnglesHint: {x: 0, y: 0, z: 0}
--- !u!1 &1807534944 stripped
GameObject:
  m_CorrespondingSourceObject: {fileID: 1921648635919520, guid: a4f189c03d3a0486fac7bf3171f39bb2,
    type: 2}
  m_PrefabInternal: {fileID: 906897030}
--- !u!1 &2055177783 stripped
GameObject:
  m_CorrespondingSourceObject: {fileID: 1159871267168982, guid: a4f189c03d3a0486fac7bf3171f39bb2,
    type: 2}
  m_PrefabInternal: {fileID: 906897030}
